<marcxml:record xmlns:marcxml="http://www.loc.gov/MARC21/slim" xmlns:idx="info:lc/xq-modules/lcindex" xmlns:madsrdf="http://www.loc.gov/mads/rdf/v1#" xmlns:ri="http://id.loc.gov/ontologies/RecordInfo#" xmlns:xlink="http://www.w3.org/1999/xlink" xmlns:rdf="http://www.w3.org/1999/02/22-rdf-syntax-ns#" xmlns:mets="http://www.loc.gov/METS/" xmlns:semtriples="http://marklogic.com/semantic" xmlns:xsi="http://www.w3.org/2001/XMLSchema-instance" xmlns:streams="info:lc/streams#">
            <marcxml:leader>01689cz  a2200397n  4500</marcxml:leader>
            <marcxml:controlfield tag="001">n79005665</marcxml:controlfield>
            <marcxml:controlfield tag="003">DLC</marcxml:controlfield>
            <marcxml:controlfield tag="005">20170930073854.0</marcxml:controlfield>
            <marcxml:controlfield tag="008">790123n| azannaabn          |a ana      </marcxml:controlfield>
            <marcxml:datafield tag="010" ind1=" " ind2=" ">
              <marcxml:subfield code="a">n  79005665 </marcxml:subfield>
            </marcxml:datafield>
            <marcxml:datafield tag="024" ind1="7" ind2=" ">
              <marcxml:subfield code="a">Q84</marcxml:subfield>
              <marcxml:subfield code="2">wikidata</marcxml:subfield>
            </marcxml:datafield>
            <marcxml:datafield tag="024" ind1="7" ind2=" ">
              <marcxml:subfield code="a">http://www.wikidata.org/entity/Q84</marcxml:subfield>
              <marcxml:subfield code="2">uri</marcxml:subfield>
            </marcxml:datafield>
            <marcxml:datafield tag="024" ind1="7" ind2=" ">
              <marcxml:subfield code="a">http://dbpedia.org/resource/London</marcxml:subfield>
              <marcxml:subfield code="2">uri</marcxml:subfield>
            </marcxml:datafield>
            <marcxml:datafield tag="034" ind1=" " ind2=" ">
              <marcxml:subfield code="d">W0000732</marcxml:subfield>
              <marcxml:subfield code="e">W0000732</marcxml:subfield>
              <marcxml:subfield code="f">N0513030</marcxml:subfield>
              <marcxml:subfield code="g">N0513030</marcxml:subfield>
              <marcxml:subfield code="2">geonames</marcxml:subfield>
            </marcxml:datafield>
            <marcxml:datafield tag="034" ind1=" " ind2=" ">
              <marcxml:subfield code="d">W0003037</marcxml:subfield>
              <marcxml:subfield code="e">E0002002</marcxml:subfield>
              <marcxml:subfield code="f">N0514130</marcxml:subfield>
              <marcxml:subfield code="g">N0511712</marcxml:subfield>
              <marcxml:subfield code="2">bound</marcxml:subfield>
            </marcxml:datafield>
            <marcxml:datafield tag="034" ind1=" " ind2=" ">
              <marcxml:subfield code="d">W0002105</marcxml:subfield>
              <marcxml:subfield code="e">E0000853</marcxml:subfield>
              <marcxml:subfield code="f">N0514020</marcxml:subfield>
              <marcxml:subfield code="g">N0512305</marcxml:subfield>
              <marcxml:subfield code="2">bound</marcxml:subfield>
            </marcxml:datafield>
            <marcxml:datafield tag="034" ind1=" " ind2=" ">
              <marcxml:subfield code="d">W0000500</marcxml:subfield>
              <marcxml:subfield code="e">W0000500</marcxml:subfield>
              <marcxml:subfield code="f">N0513000</marcxml:subfield>
              <marcxml:subfield code="g">N0513000</marcxml:subfield>
              <marcxml:subfield code="2">other</marcxml:subfield>
            </marcxml:datafield>
            <marcxml:datafield tag="035" ind1=" " ind2=" ">
              <marcxml:subfield code="a">(OCoLC)oca00239822</marcxml:subfield>
            </marcxml:datafield>
            <marcxml:datafield tag="040" ind1=" " ind2=" ">
              <marcxml:subfield code="a">DLC</marcxml:subfield>
              <marcxml:subfield code="b">eng</marcxml:subfield>
              <marcxml:subfield code="e">rda</marcxml:subfield>
              <marcxml:subfield code="c">DLC</marcxml:subfield>
              <marcxml:subfield code="d">NIC</marcxml:subfield>
              <marcxml:subfield code="d">WaU</marcxml:subfield>
              <marcxml:subfield code="d">OCoLC</marcxml:subfield>
              <marcxml:subfield code="d">InU</marcxml:subfield>
              <marcxml:subfield code="d">CoU</marcxml:subfield>
              <marcxml:subfield code="d">WaU</marcxml:subfield>
            </marcxml:datafield>
            <marcxml:datafield tag="043" ind1=" " ind2=" ">
              <marcxml:subfield code="a">e-uk-en</marcxml:subfield>
            </marcxml:datafield>
            <marcxml:datafield tag="151" ind1=" " ind2=" ">
              <marcxml:subfield code="a">London (England)</marcxml:subfield>
            </marcxml:datafield>
            <marcxml:datafield tag="368" ind1=" " ind2=" ">
              <marcxml:subfield code="b">Cities and towns</marcxml:subfield>
              <marcxml:subfield code="b">Capitals (Cities)</marcxml:subfield>
              <marcxml:subfield code="2">lcsh</marcxml:subfield>
            </marcxml:datafield>
            <marcxml:datafield tag="370" ind1=" " ind2=" ">
              <marcxml:subfield code="c">England</marcxml:subfield>
              <marcxml:subfield code="c">Great Britain</marcxml:subfield>
              <marcxml:subfield code="2">naf</marcxml:subfield>
            </marcxml:datafield>
            <marcxml:datafield tag="451" ind1=" " ind2=" ">
              <marcxml:subfield code="a">Londen (England)</marcxml:subfield>
            </marcxml:datafield>
            <marcxml:datafield tag="451" ind1=" " ind2=" ">
              <marcxml:subfield code="a">Londinium (England)</marcxml:subfield>
            </marcxml:datafield>
            <marcxml:datafield tag="451" ind1=" " ind2=" ">
              <marcxml:subfield code="a">Londres (England)</marcxml:subfield>
            </marcxml:datafield>
            <marcxml:datafield tag="451" ind1=" " ind2=" ">
              <marcxml:subfield code="a">Londýn (England)</marcxml:subfield>
            </marcxml:datafield>
            <marcxml:datafield tag="667" ind1=" " ind2=" ">
              <marcxml:subfield code="a">Old catalog heading: London</marcxml:subfield>
            </marcxml:datafield>
            <marcxml:datafield tag="670" ind1=" " ind2=" ">
              <marcxml:subfield code="a">Museum of London. Board of Governors. Londinium, a descriptive map and guide to Roman London, c1981:</marcxml:subfield>
              <marcxml:subfield code="b">map recto (Londinium; London)</marcxml:subfield>
            </marcxml:datafield>
            <marcxml:datafield tag="670" ind1=" " ind2=" ">
              <marcxml:subfield code="a">Map Productions. London, Londres, British Travel official visitors' map, 1971?:</marcxml:subfield>
              <marcxml:subfield code="b">map recto (London; Londres)</marcxml:subfield>
            </marcxml:datafield>
            <marcxml:datafield tag="670" ind1=" " ind2=" ">
              <marcxml:subfield code="a">GeoNames, algorithmically matched, 2009</marcxml:subfield>
              <marcxml:subfield code="b">(ppl; 51°30ʹ30ʺN 000°07ʹ32ʺW)</marcxml:subfield>
            </marcxml:datafield>
            <marcxml:datafield tag="670" ind1=" " ind2=" ">
              <marcxml:subfield code="a">Osička, A. Velký česko-anglický slovník Unikum, 1947:</marcxml:subfield>
              <marcxml:subfield code="b">(Londýn = London)</marcxml:subfield>
            </marcxml:datafield>
            <marcxml:datafield tag="670" ind1=" " ind2=" ">
              <marcxml:subfield code="a">CIA The world factbook website, August 12, 2015</marcxml:subfield>
              <marcxml:subfield code="b">(under United Kingdom: capital: London; geographic coordinates: 51 30 N, 0 05 W)</marcxml:subfield>
            </marcxml:datafield>
            <marcxml:datafield tag="781" ind1=" " ind2="0">
              <marcxml:subfield code="z">England</marcxml:subfield>
              <marcxml:subfield code="z">London</marcxml:subfield>
            </marcxml:datafield>
          </marcxml:record>
